[gd_scene load_steps=12 format=2]

[ext_resource path="res://textures/ball.svg" type="Texture" id=1]
[ext_resource path="res://scripts/Ball.gd" type="Script" id=2]
[ext_resource path="res://textures/cross.svg" type="Texture" id=3]
[ext_resource path="res://textures/smoke.png" type="Texture" id=4]

[sub_resource type="CircleShape2D" id=1]
radius = 15.0

[sub_resource type="Gradient" id=2]
offsets = PoolRealArray( 0, 0.298805, 0.693227, 0.880478, 1 )
colors = PoolColorArray( 1, 0.75, 0, 0, 1, 0.329412, 0, 0.588235, 0.827451, 0.168627, 0, 0.431373, 0.105469, 0.0218655, 0, 0.196078, 0, 0, 0, 0 )

[sub_resource type="GradientTexture" id=3]
gradient = SubResource( 2 )

[sub_resource type="Curve" id=4]
_data = [ Vector2( 0, 0 ), 0.0, 5.94422, 0, 0, Vector2( 0.113139, 0.693182 ), 2.58671, 2.58671, 0, 0, Vector2( 0.437956, 0.993182 ), 0.0, 0.0, 0, 0, Vector2( 0.828467, 0.638636 ), -2.49091, -2.49091, 0, 0, Vector2( 1, 0 ), 0.0, 0.0, 0, 0 ]

[sub_resource type="CurveTexture" id=5]
width = 128
curve = SubResource( 4 )

[sub_resource type="ParticlesMaterial" id=6]
lifetime_randomness = 0.5
emission_shape = 1
emission_sphere_radius = 1.0
flag_rotate_y = true
flag_disable_z = true
gravity = Vector3( 0, 0, 0 )
initial_velocity = 50.0
orbit_velocity = 0.0
orbit_velocity_random = 0.0
angle = 360.0
angle_random = 1.0
scale = 0.03
scale_curve = SubResource( 5 )
color_ramp = SubResource( 3 )

[sub_resource type="ParticlesMaterial" id=7]
lifetime_randomness = 1.0
emission_shape = 1
emission_sphere_radius = 1.0
flag_rotate_y = true
flag_disable_z = true
gravity = Vector3( 0, 0, 0 )
initial_velocity = 5.0
orbit_velocity = 0.0
orbit_velocity_random = 0.0
angle = 360.0
angle_random = 1.0
scale = 0.1
scale_curve = SubResource( 5 )
color_ramp = SubResource( 3 )

[node name="ball" type="RigidBody2D"]
position = Vector2( 100, 100 )
script = ExtResource( 2 )

[node name="collision" type="CollisionShape2D" parent="."]
shape = SubResource( 1 )

[node name="display" type="Sprite" parent="."]
scale = Vector2( 0.234, 0.234 )
texture = ExtResource( 1 )

[node name="plus" type="Particles2D" parent="."]
emitting = false
amount = 200
local_coords = false
process_material = SubResource( 6 )
texture = ExtResource( 3 )

[node name="fire" type="Particles2D" parent="."]
emitting = false
amount = 200
local_coords = false
draw_order = 1
process_material = SubResource( 7 )
texture = ExtResource( 4 )
